<?xml version="1.0" encoding="UTF-8"?><collection xmlns="http://www.loc.gov/MARC21/slim"><record><leader>00476nam--2200169-i-4500</leader><controlfield tag="001">000001843</controlfield><controlfield tag="002">20161230</controlfield><controlfield tag="005">20161230201024</controlfield><controlfield tag="008">060222s1000------------r-----000-0-eng-d</controlfield><datafield ind1=" " ind2=" " tag="040"><subfield code="a">IFIN-HH</subfield></datafield><datafield ind1=" " ind2=" " tag="080"><subfield code="a">535.372</subfield></datafield><datafield ind1="1" ind2=" " tag="110"><subfield code="a">Texas Nuclear</subfield></datafield><datafield ind1="1" ind2="0" tag="245"><subfield code="a">Annual report; a study of fluorescent excitation using isotopic x-ray emission, 31 march 1965</subfield></datafield><datafield ind1=" " ind2=" " tag="260"><subfield code="a">Austin, Texas</subfield><subfield code="b">Texas Nuclear</subfield><subfield code="c">1965</subfield></datafield><datafield ind1=" " ind2=" " tag="300"><subfield code="a">56P</subfield></datafield><datafield ind1=" " ind2=" " tag="852"><subfield code="a">28306</subfield><subfield code="c">535.37</subfield></datafield><datafield ind1=" " ind2=" " tag="CAT"><subfield code="a">Sys</subfield><subfield code="c">20110413</subfield><subfield code="h">152739</subfield></datafield></record></collection>